@misc{courchene_2018, 
title={Data Golf predictive model: methodology}, 
journal={Data golf}, 
author={Courchene, Matt}, 
year={2018}, 
month={Nov},
  howpublished = {\url{https://datagolf.com/predictive-model-methodology/}},
  note = {Accessed: 2021-11-25}
}}

@article{inproceedings,
author = {Egidi, Leonardo and Gabry, J},
year = {2017},
month = {06},
journal = {Journal of Sports Analytics},
volume = {3(14)},
pages = {143â€“157},
title = {Bayesian hierarchical models for predicting individual performance in football (soccer)}
}

@book{bda3,
  added-at = {2009-10-28T04:42:52.000+0100},
  author = {Gelman, Andrew and Carlin, John B. and Stern, Hal S. and Rubin, Donald B.},
  biburl = {https://www.bibsonomy.org/bibtex/2f7d7012c81d89965db2cfedf698f53c7/jwbowers},
  citeulike-article-id = {106919},
  date-added = {2007-09-03 22:45:16 -0500},
  date-modified = {2007-09-03 22:45:16 -0500},
  edition = {2nd ed.},
  interhash = {9c5f4ce8c45003080aa52ac74eb4c78c},
  intrahash = {f7d7012c81d89965db2cfedf698f53c7},
  keywords = {bayesian statistics},
  publisher = {Chapman and Hall/CRC},
  timestamp = {2009-10-28T04:43:08.000+0100},
  title = {Bayesian Data Analysis},
  year = 2021
}

@article{carpenter2017stan,
title={Stan: A probabilistic programming language},
author={Carpenter, Bob and Gelman, Andrew and Hoffman, Matthew D and Lee, Daniel and Goodrich, Ben and Betancourt, Michael and Brubaker, Marcus and Guo, Jiqiang and Li, Peter and Riddell, Allen},
journal={Journal of statistical software},
volume={76},
number={1},
year={2017},
publisher={Columbia Univ., New York, NY (United States); Harvard Univ., Cambridge, MA (United States)}
}